<record><leader>00000cas a2200000 a 4500</leader><controlfield tag="001">13343626</controlfield><controlfield tag="008">860325d18911982mouwr ne      0    0eng d</controlfield><datafield ind1=" " ind2=" " tag="010"><subfield code="a">sn 86063293 </subfield></datafield><datafield ind1=" " ind2=" " tag="040"><subfield code="a">KSH</subfield><subfield code="b">eng</subfield><subfield code="c">KSH</subfield><subfield code="d">NPT</subfield><subfield code="d">MQN</subfield><subfield code="d">OCL</subfield><subfield code="d">OCLCQ</subfield></datafield><datafield ind1=" " ind2=" " tag="042"><subfield code="a">msc</subfield></datafield><datafield ind1="0" ind2="0" tag="245"><subfield code="a">Carl Junction standard.</subfield></datafield><datafield ind1=" " ind2=" " tag="260"><subfield code="a">Carl Junction, Jasper County, Mo. :</subfield><subfield code="b">A.W. McDowell,</subfield><subfield code="c">-1982.</subfield></datafield><datafield ind1=" " ind2=" " tag="300"><subfield code="a">v. :</subfield><subfield code="b">ill. ;</subfield><subfield code="c">57 cm.</subfield></datafield><datafield ind1=" " ind2=" " tag="310"><subfield code="a">Weekly</subfield></datafield><datafield ind1="1" ind2=" " tag="362"><subfield code="a">Began with Apr. 11, 1891 issue.</subfield></datafield><datafield ind1="0" ind2=" " tag="362"><subfield code="a">-v. 93, no. 50 (Jan. 28, 1982).</subfield></datafield><datafield ind1=" " ind2=" " tag="515"><subfield code="a">Suspended publication Nov. 9-30, 1906; Jan., 1907-Jan., 1911; Apr.-July, 1918.</subfield></datafield><datafield ind1=" " ind2=" " tag="515"><subfield code="a">Numbering changed from vols. to years with Aug. 2, 1918 issue; also changed from 25th year to 29th year in Aug., 1918; and back to vols. on Mar. 19, 1919.</subfield></datafield><datafield ind1=" " ind2=" " tag="588"><subfield code="a">Description based on: Vol. 9, no. 38 (Dec. 16, 1898).</subfield></datafield><datafield ind1=" " ind2=" " tag="752"><subfield code="a">United States</subfield><subfield code="b">Missouri</subfield><subfield code="c">Jasper</subfield><subfield code="d">Carl Junction.</subfield></datafield><datafield ind1="1" ind2=" " tag="029"><subfield code="a">AU@</subfield><subfield code="b">000022167811</subfield></datafield></record>